% This file was created with JabRef 2.5.
% Encoding: Cp1252


@article{kitchenham2007guidelines,
  title={Guidelines for performing systematic literature reviews in software engineering},
  author={Kitchenham, B.A. and Charters, S.},
  year={2007}
}

@article{buck2013new,
  title={The New Frontier of Education: The Impact of Smartphone Technology in the Classroom},
  author={Buck, Jessica L and McInnis, Elizabeth and Randolph, Casey},
  year={2013}
}

@article{brereton2007lessons,
  title={Lessons from applying the systematic literature review process within the software engineering domain},
  author={Brereton, P. and Kitchenham, B.A. and Budgen, D. and Turner, M. and Khalil, M.},
  journal={Journal of Systems and Software},
  volume={80},
  number={4},
  pages={571--583},
  year={2007},
  publisher={Elsevier}
}

@ARTICLE{ferraiolo,
  author = {David F. Ferraiolo and Ravi S. Sandhu and Serban I. Gavrila and D.
	Richard Kuhn and Ramaswamy Chandramouli},
  title = {Proposed {NIST} standard for role-based access control},
  journal = {ACM Transactions on Information and System Security},
  year = {2001},
  volume = {4},
  pages = {224-274},
  number = {3}
}



@inproceedings{alam06:constraint,
 author = {Alam, Muhammad and Hafner, Michael and Breu, Ruth},
 title = {A constraint based role based access control in the SECTET a model-driven approach},
 booktitle = {Proceedings of the 2006 International Conference on Privacy, Security and Trust: Bridge the Gap Between PST Technologies and Business Services},
 series = {PST '06},
 year = {2006},
 pages = {13:1--13:13},
 articleno = {13},
} 

@inproceedings{tzelepi01:flexible,
 author = {Tzelepi, Sofia K. and Koukopoulos, Dimitrios K. and Pangalos, George},
 title = {A flexible content and context-based access control model for multimedia medical image database systems},
 booktitle = {Proceedings of the 2001 workshop on Multimedia and security: new challenges},
 series = {Sec '01},
 year = {2001},
 pages = {52--55},
} 

@inproceedings{haibo05:context,
 author = {Haibo, SHEN and Fan, HONG},
 title = {A Context-Aware Role-Based Access Control Model for Web Services},
 booktitle = {Proceedings of the IEEE International Conference on e-Business Engineering},
 series = {ICEBE '05},
 year = {2005},
 isbn = {0-7695-2430-3},
 pages = {220--223},
} 

@INPROCEEDINGS{cholewka00:acontext-sensitive,
    author = {Damian G. Cholewka and Reinhardt A. Botha and Jan H. P. Eloff},
    title = {A context-sensitive access control model and prototype implementation},
    booktitle = {In: Information Security for Global Information Infrastructures: IFIP TC 11 Sixteenth Annual Working Conference on Information Security},
    year = {2000},
    pages = {341--350},
    publisher = {Kluwer Academic Publishers}
}



@INPROCEEDINGS{huang06:pervasive, 
author={Xianzhi Huang and Haiyang Wang and Zhenxiang Chen and Jinjiao Lin}, 
booktitle={Pervasive Computing and Applications, 2006 1st International Symposium on}, 
title={A Context, Rule and Role-Based Access Control Model In Enterprise Pervasive Computing Environment}, 
year={2006}, 
month={aug.}, 
volume={}, 
number={}, 
pages={497 -502}, 
}



@ARTICLE{motta03:contextual, 
author={Motta, G.H.M.B. and Furuie, S.S.}, 
journal={Information Technology in Biomedicine, IEEE Transactions on}, 
title={A contextual role-based access control authorization model for electronic patient record}, 
year={2003}, 
month={sept. }, 
volume={7}, 
number={3}, 
pages={202 -207}, 
}

@INPROCEEDINGS{bao08:role, 
author={Yubin Bao and Jie Song and Daling Wang and Derong Shen and Ge Yu}, 
booktitle={Young Computer Scientists, 2008. ICYCS 2008. The 9th International Conference for}, 
title={A Role and Context Based Access Control Model with UML}, 
year={2008}, 
month={nov.}, 
volume={}, 
number={}, 
pages={1175 -1180}, 
}


@inproceedings{yamazaki04:designing,
 author = {Yamazaki, Wataru and Hiraishi, Hironori and Mizoguchi, Fumio},
 title = {Designing an {Agent-Based RBAC} System for Dynamic Security Policy},
 booktitle = {Proceedings of the 13th IEEE International Workshops on Enabling Technologies: Infrastructure for Collaborative Enterprises},
 series = {WETICE '04},
 year = {2004},
 isbn = {0-7695-2183-5},
 pages = {199--204},
} 

@inproceedings{hasebe10:capability,
 author = {Hasebe, Koji and Mabuchi, Mitsuhiro and Matsushita, Akira},
 title = {Capability-based delegation model in {RBAC}},
 booktitle = {Proceedings of the 15th ACM symposium on Access control models and technologies},
 series = {SACMAT '10},
 year = {2010},
 isbn = {978-1-4503-0049-0},
 location = {Pittsburgh, Pennsylvania, USA},
 pages = {109--118},
} 


@INPROCEEDINGS{mossakowski03:temporal, 
author={Mossakowski, T. and Drouineaud, M. and Sohr, K.}, 
booktitle={Temporal Representation and Reasoning, 2003 and Fourth International Conference on Temporal Logic. Proceedings. 10th International Symposium on}, title={A temporal-logic extension of role-based access control covering dynamic separation of duties}, 
year={2003}, 
month={july}, 
volume={}, 
number={}, 
pages={ 83 - 90}, 
}


@INPROCEEDINGS{ren10:machine, 
author={Chuan-Lun Ren and Xiao-Hui Zuo and Zhong-Xian Li and Xin-Xin Niu and Yi-Xian Yang}, 
booktitle={Machine Learning and Cybernetics (ICMLC), 2010 International Conference on}, title={Towards Hierarchical-User {RBAC} model}, 
year={2010}, 
month={july}, 
volume={6}, 
number={}, 
pages={2870 -2874}, 
}


@INPROCEEDINGS{zhang06:collaborative, 
author={Zhang, Zhixiong and Zhang, Xinwen and Sandhu, Ravi}, 
booktitle={Collaborative Computing: Networking, Applications and Worksharing, 2006. CollaborateCom 2006. International Conference on}, 
title={ROBAC: Scalable Role and Organization Based Access Control Models}, 
year={2006}, 
month={nov.}, 
volume={}, 
number={}, 
pages={1 -9}, 
}

@inproceedings{aich07:STARBAC,
 author = {Aich, Subhendu and Sural, Shamik and Majumdar, A. K.},
 title = {STARBAC: spatiotemporal role based access control},
 booktitle = {Proceedings of the 2007 OTM confederated international conference on On the move to meaningful internet systems: CoopIS, DOA, ODBASE, GADA, and IS - Volume Part II},
 series = {OTM'07},
 year = {2007},
 isbn = {3-540-76835-1, 978-3-540-76835-7},
 pages = {1567--1582},
} 


@INPROCEEDINGS{kumar06:strbac,
AUTHOR = {Mahendra Kumar and Richard E. Newman},
TITLE = {STRBAC - An approach towards spatio-temporal role-based access control},
BOOKTITLE = {Communication, Network, and Information Security'06},
PAGES = {150-155},
YEAR = {2006}, 
}

@TECHREPORT{samuel07:spatio-temporal,
	title = {A Framework for Specification and Verification of Generalized Spatio-Temporal Role Based Access Control Model},
	author = {Arjmand Samuel, Arif Ghafoor, Elisa Bertino},
	NUMBER = {CERIAS Tech Report 2007-08},
	institution = {Purdue University},
	school = {ECE and CS},
	affiliation = {ECE and CERIAS},
}

@inproceedings{ray07:spatio,
 author = {Ray, Indrakshi and Toahchoodee, Manachai},
 title = {A spatio-temporal role-based access control model},
 booktitle = {Proceedings of the 21st annual IFIP WG 11.3 working conference on Data and applications security},
 year = {2007},
 isbn = {978-3-540-73533-5},
 location = {Redondo Beach, CA, USA},
 pages = {211--226},
} 

@inproceedings{chandran05:llt,
 author = {Chandran, Suroop Mohan and Joshi, J. B. D.},
 title = {LoT-RBAC: a location and time-based {RBAC} model},
 booktitle = {Proceedings of the 6th international conference on Web Information Systems Engineering},
 series = {WISE'05},
 year = {2005},
 pages = {361--375},
} 

@incollection{aich09:role,
 author = {Aich, Subhendu and Mondal, Samrat and Sural, Shamik and Majumdar, Arun Kumar},
 chapter = {Role Based Access Control with Spatiotemporal Context for Mobile Applications},
 title = {Transactions on Computational Science IV},
 year = {2009},
 isbn = {978-3-642-01003-3},
 pages = {177--199},
} 

@inproceedings{yao08:task,
 author = {Yao, Lin and Kong, Xiangwei and Xu, Zichuan},
 title = {A Task-Role Based Access Control Model with Multi-Constraints},
 booktitle = {Proceedings of the 2008 Fourth International Conference on Networked Computing and Advanced Information Management - Volume 01},
 series = {NCM '08},
 year = {2008},
 pages = {137--143},
} 

@INPROCEEDINGS{oh00:task,
 author = {Oh, Sejong and Park, Seog},
 title = {Task-Role Based Access Control {(T-RBAC)}: An Improved Access Control Model for Enterprise Environment},
 booktitle = {Proceedings of the 11th International Conference on Database and Expert Systems Applications},
 series = {DEXA '00},
 year = {2000},
 isbn = {3-540-67978-2},
 pages = {264--273},
} 

@article{bertino01:trbac,
 author = {Bertino, Elisa and Bonatti, Piero Andrea and Ferrari, Elena},
 title = {TRBAC: A temporal role-based access control model},
 journal = {ACM Trans. Inf. Syst. Secur.},
 issue_date = {August 2001},
 volume = {4},
 number = {3},
 month = aug,
 year = {2001},
 pages = {191--233},
} 

@INPROCEEDINGS{li08:fine, 
author={Jun-Qing Li and Xin-You Li and Sheng-Xian Xie and Chen Chen and Hui-Shan Yu and Guang-Liang Liu}, 
booktitle={Digital Information Management, 2008. ICDIM 2008. Third International Conference on}, 
title={A fine-grained time-constraint role-based access control using OCL}, 
year={2008}, 
month={nov.}, 
volume={}, 
number={}, 
pages={81 -86}, 
}

@ARTICLE{joshi05:generalized, 
author={Joshi, J.B.D. and Bertino, E. and Latif, U. and Ghafoor, A.}, 
journal={Knowledge and Data Engineering, IEEE Transactions on}, 
title={A generalized temporal role-based access control model}, 
year={2005}, 
month={jan.}, 
volume={17}, 
number={1}, 
pages={ 4 - 23}, 
}

@INPROCEEDINGS{chen08:spatio-temporal,
  author = {Liang Chen and Jason Crampton},
  title = {On spatio-temporal constraints and inheritance in role-based access
	control},
  booktitle = {ASIACCS: ACM Symposium on InformAtion, Computer and Communications
	Security},
  year = {2008},
  venue = {ASIACCS},
  firstlevel = {Theo},
  secondlevel = {Role Model/Design},
  thirdlevel = {Constraints},
  pages = {205-216},
}

@inproceedings{thein2011leveraging,
  title={Leveraging access control mechanism of android smartphone using context-related role-based access control model},
  author={Thein, N. and others},
  booktitle={Networked Computing and Advanced Information Management (NCM), 2011 7th International Conference on},
  pages={54--61},
  year={2011},
  organization={IEEE}
}

@article{zou2009crbac,
  title={CRBAC: Imposing multi-grained constraints on the RBAC model in the multi-application environment},
  author={Zou, D. and He, L. and Jin, H. and Chen, X.},
  journal={Journal of Network and Computer Applications},
  volume={32},
  number={2},
  pages={402--411},
  year={2009},
  publisher={Elsevier}
}

@article{ni2010privacy,
  title={Privacy-aware role-based access control},
  author={Ni, Q. and Bertino, E. and Lobo, J. and Brodie, C. and Karat, C.M. and Karat, J. and Trombeta, A.},
  journal={ACM Transactions on Information and System Security (TISSEC)},
  volume={13},
  number={3},
  pages={24},
  year={2010},
  publisher={ACM}
}

@article{masoumzadeh2008purbac,
  title={PuRBAC: Purpose-aware role-based access control},
  author={Masoumzadeh, A. and Joshi, J.},
  journal={On the Move to Meaningful Internet Systems: OTM 2008},
  pages={1104--1121},
  year={2008},
  publisher={Springer}
}

@inproceedings{zhao2008flexible,
  title={A flexible role-and resource-based access control model},
  author={Zhao, Y. and Zhao, Y. and Lu, H.},
  booktitle={Computing, Communication, Control, and Management, 2008. CCCM'08. ISECS International Colloquium on},
  volume={2},
  pages={75--79},
  year={2008},
  organization={IEEE}
}

@article{damiani2007geo,
  title={Geo-rbac: A spatially aware rbac},
  author={Damiani, M.L. and Bertino, E. and Catania, B. and Perlasca, P.},
  journal={ACM Transactions on Information and System Security (TISSEC)},
  volume={10},
  number={1},
  pages={2},
  year={2007},
  publisher={ACM}
}

@inproceedings{hansen2003spatial,
  title={Spatial role-based access control model for wireless networks},
  author={Hansen, F. and Oleshchuk, V.},
  booktitle={Vehicular Technology Conference, 2003. VTC 2003-Fall. 2003 IEEE 58th},
  volume={3},
  pages={2093--2097},
  year={2003},
  organization={IEEE}
}

@inproceedings{yao2008task,
  title={A task-role based access control model with multi-constraints},
  author={Yao, L. and Kong, X. and Xu, Z.},
  booktitle={Networked Computing and Advanced Information Management, 2008. NCM'08. Fourth International Conference on},
  volume={1},
  pages={137--143},
  year={2008},
  organization={IEEE}
}

@inproceedings{zhou2007team,
  title={Team and task based RBAC access control model},
  author={Zhou, W. and Meinel, C.},
  booktitle={Network Operations and Management Symposium, 2007. LANOMS 2007. Latin American},
  pages={84--94},
  year={2007},
  organization={IEEE}
}

@article{oh2003task,
  title={Task--role-based access control model},
  author={Oh, S. and Park, S.},
  journal={Information Systems},
  volume={28},
  number={6},
  pages={533--562},
  year={2003},
  publisher={Elsevier}
}

@article{sandhu1996role,
  title={Role-based access control models},
  author={Sandhu, R.S. and Coyne, E.J. and Feinstein, H.L. and Youman, C.E.},
  journal={Computer},
  volume={29},
  number={2},
  pages={38--47},
  year={1996},
  publisher={IEEE}
}

@inproceedings{ferraiolokuhn,
  title={Role Based Access Control},
  author={D.F. Ferraiolo and D.R. Kuhn},
  booktitle={15th National Computer Security Conference, Oct 13-16},
  pages={554-563},
  year={1992}
}

@inproceedings{jian2008extended,
  title={An extended RBAC model based on granular logic},
  author={Jian-min, Han and Xi-yu, Li and Hui-qun, Yu and Jun, Tong},
  booktitle={Granular Computing, 2008. GrC 2008. IEEE International Conference on},
  pages={261--264},
  year={2008},
  organization={IEEE}
}

@article{kuhn2010adding,
  title={Adding attributes to role-based access control},
  author={Kuhn, D. Richard and Coyne, Edward J and Weil, Timothy R},
  journal={Computer},
  volume={43},
  number={6},
  pages={79--81},
  year={2010},
  publisher={Institute of Electrical and Electronics Engineers, Inc., 3 Park Avenue, 17 th Fl New York NY 10016-5997 United States of America}
}

@misc{o20102010,
  	title={2010 Economic Analysis of Role-Based Access Control},
  	author={O'Connor, Alan C and Loomis, Ross J},
  	year={2010},
	howpublished={\url{http://csrc.nist.gov/groups/SNS/rbac/documents/20101219_RBAC2_Final_Report.pdf}}
}

@article{hu2012:NIST7874,
  title={NISTIR 7874: Guidelines for Access Control System Evaluation Metrics},
  author={Hu, Vincent C. and Scarfone, Karen},
  journal={National Institute of Standards and Technology},
  year={2012},
}

@misc{impact2002,
	title = {The Economic Impact of Role Based Access Control.},
	author = {Michael P. Gallaher, Alan C. O’Connor, Brian Kropp},
	institution = {Research Triangle Institute.},
	year={2002},
	howpublished={\url{http://csrc.nist.gov/groups/SNS/rbac/documents/cost_benefits/report02-1.pdf}}
}

@misc{impact1996,
	title = {A Marketing Survey of Civil Federal Government Organizations to Determine the Need for RBAC Security Product},
	author = {Charles L. Smith, Edward J. Coyne, Charles E. Youman},
	institution = {SETA Corporation},
	year={1996},
	howpublished={\url{http://csrc.nist.gov/groups/SNS/rbac/documents/cost_benefits/seta.ps}}
}

@inproceedings{sandhu2000nist,
  title={The NIST model for role-based access control: towards a unified standard},
  author={Sandhu, Ravi and Ferraiolo, David and Kuhn, Richard},
  booktitle={ACM workshop on Role-based access control},
  volume={2000},
  year={2000}
}

@incollection{ray2006lrbac,
  title={LRBAC: A location-aware role-based access control model},
  author={Ray, Indrakshi and Kumar, Mahendra and Yu, Lijun},
  booktitle={Information Systems Security},
  pages={147--161},
  year={2006},
  publisher={Springer}
}
